<?xml version="1.0" encoding="UTF-8"?><collection xmlns="http://www.loc.gov/MARC21/slim"><record><leader>00528nam--2200205-i-4500</leader><controlfield tag="001">000031159</controlfield><controlfield tag="002">20161230</controlfield><controlfield tag="005">20161230201038</controlfield><controlfield tag="008">060222s1000------------r-----000-0-eng-d</controlfield><datafield ind1=" " ind2=" " tag="040"><subfield code="a">IFIN-HH</subfield></datafield><datafield ind1=" " ind2=" " tag="080"><subfield code="a">519.2</subfield></datafield><datafield ind1="1" ind2=" " tag="100"><subfield code="a">Loeve, Michel</subfield></datafield><datafield ind1="1" ind2="0" tag="245"><subfield code="a">Probability theory</subfield></datafield><datafield ind1=" " ind2=" " tag="250"><subfield code="a">Third Edition</subfield></datafield><datafield ind1=" " ind2=" " tag="260"><subfield code="a">New York, Van Nostrand Reinhold Co., 1963</subfield></datafield><datafield ind1=" " ind2=" " tag="300"><subfield code="a">XVI+685P</subfield></datafield><datafield ind1=" " ind2=" " tag="490"><subfield code="a">The University Series In Higher Mathematics</subfield></datafield><datafield ind1=" " ind2=" " tag="650"><subfield code="a">Probability</subfield></datafield><datafield ind1=" " ind2=" " tag="852"><subfield code="a">37100</subfield><subfield code="c">519.2</subfield></datafield><datafield ind1=" " ind2=" " tag="CAT"><subfield code="a">Sys</subfield><subfield code="c">20100527</subfield><subfield code="h">101138</subfield></datafield></record></collection>